@incollection{bottou2010large,
  title={Large-scale machine learning with stochastic gradient descent},
  author={Bottou, L{\'e}on},
  booktitle={Proceedings of COMPSTAT'2010},
  pages={177--186},
  year={2010},
  publisher={Springer}
}
@article{lei2016less,
  title={Less than a Single Pass: Stochastically Controlled Stochastic Gradient Method},
  author={Lei, Lihua and Jordan, Michael I},
  journal={arXiv preprint arXiv:1609.03261},
  year={2016}
}
@article{schmidt2017minimizing,
  title={Minimizing finite sums with the stochastic average gradient},
  author={Schmidt, Mark and Le Roux, Nicolas and Bach, Francis},
  journal={Mathematical Programming},
  volume={162},
  number={1-2},
  pages={83--112},
  year={2017},
  publisher={Springer}
}
@inproceedings{defazio2014saga,
  title={SAGA: A fast incremental gradient method with support for non-strongly convex composite objectives},
  author={Defazio, Aaron and Bach, Francis and Lacoste-Julien, Simon},
  booktitle={Advances in neural information processing systems},
  pages={1646--1654},
  year={2014}
}
@inproceedings{reddi2016stochastic,
  title={Stochastic variance reduction for nonconvex optimization},
  author={Reddi, Sashank J and Hefny, Ahmed and Sra, Suvrit and Poczos, Barnabas and Smola, Alex},
  booktitle={International conference on machine learning},
  pages={314--323},
  year={2016}
}
