@incollection{NIPS2012_4574,
title = {Iterative Thresholding Algorithm for Sparse Inverse Covariance Estimation},
author = {Benjamin Rolfs and Rajaratnam, Bala and Dominique Guillot and Ian Wong and Arian Maleki},
booktitle = {Advances in Neural Information Processing Systems 25},
editor = {F. Pereira and C. J. C. Burges and L. Bottou and K. Q. Weinberger},
pages = {1574--1582},
year = {2012},
publisher = {Curran Associates, Inc.},
url = {http://papers.nips.cc/paper/4574-iterative-thresholding-algorithm-for-sparse-inverse-covariance-estimation.pdf}
}
